
@book{newman,
	location = {Oxford, United Kingdom ; New York, {NY}, United States of America},
	edition = {Second edition},
	title = {Networks},
	isbn = {978-0-19-880509-0},
	pagetotal = {780},
	publisher = {Oxford University Press},
	author = {Newman, M. E. J.},
	date = {2018},
	keywords = {Engineering systems, Network analysis (Planning), Social systems, System analysis, Systems biology},
}

@book{weigt,
	location = {Weinheim},
	title = {Phase transitions in combinatorial optimization problems: basics, algorithms and statistical mechanics},
	isbn = {978-3-527-40473-5},
	shorttitle = {Phase transitions in combinatorial optimization problems},
	pagetotal = {348},
	publisher = {Wiley-{VCH}},
	author = {Hartmann, Alexander K. and Weigt, Martin},
	date = {2005},
}

@incollection{oderk,
	title = {Initial Value Problems for {ODEs}, Part 2: Runge-Kutta Methods},
	url = {https://lemesurierb.people.cofc.edu/elementary-numerical-analysis-python/notebooks/ODE-IVP-2-Runge-Kutta-python.html},
	booktitle = {Elementary Numerical Analysis with Python},
	author = {{LeMesurier}, Brenton},
}

@book{montanari,
	title = {Information, Physics, and Computation},
	isbn = {978-0-19-171875-5},
	url = {https://academic.oup.com/book/6337},
	abstract = {Abstract. This book presents a unified approach to a rich and rapidly evolving research domain at the interface between statistical physics, theoretical compute},
	publisher = {Oxford University Press},
	author = {MÃ©zard, Marc and Montanari, Andrea},
	urldate = {2024-03-24},
	date = {2009-01-22},
	langid = {english},
	doi = {10.1093/acprof:oso/9780198570837.001.0001},
	doi = {10.1093/acprof:oso/9780198570837.001.0001},
	file = {Snapshot:/home/shoichi/Zotero/storage/I77Q9M2Q/6337.html:text/html},
}
